<?xml version="1.0" encoding="UTF-8"?><collection xmlns="http://www.loc.gov/MARC21/slim"><record><leader>00497nam--2200181-i-4500</leader><controlfield tag="001">000045581</controlfield><controlfield tag="002">20161230</controlfield><controlfield tag="005">20161230201045</controlfield><controlfield tag="008">060222s1000------------r-----000-0-fre-d</controlfield><datafield ind1=" " ind2=" " tag="040"><subfield code="a">IFIN-HH</subfield></datafield><datafield ind1=" " ind2=" " tag="041"><subfield code="a">fre</subfield></datafield><datafield ind1=" " ind2=" " tag="080"><subfield code="a">539.186(043)</subfield></datafield><datafield ind1="1" ind2=" " tag="100"><subfield code="a">Touzeau, Michel</subfield></datafield><datafield ind1="1" ind2="0" tag="245"><subfield code="a">Excitation de l`azote par les atomes metastables d`argon</subfield><subfield code="b">These</subfield><subfield code="c">Michel touzeau</subfield></datafield><datafield ind1=" " ind2=" " tag="260"><subfield code="a">Orsay</subfield><subfield code="b">Universite De Paris-sud</subfield><subfield code="c">1978</subfield></datafield><datafield ind1=" " ind2=" " tag="300"><subfield code="a">/PAG.DIF.</subfield></datafield><datafield ind1=" " ind2=" " tag="852"><subfield code="a">46372</subfield><subfield code="c">539.18</subfield></datafield><datafield ind1=" " ind2=" " tag="CAT"><subfield code="a">Sys</subfield><subfield code="c">20120703</subfield><subfield code="h">172237</subfield></datafield></record></collection>